<?xml version="1.0" encoding="UTF-8"?><collection xmlns="http://www.loc.gov/MARC21/slim"><record><leader>00519nam--2200193-u-4500</leader><controlfield tag="001">000050345</controlfield><controlfield tag="002">20161230</controlfield><controlfield tag="005">20161230201048</controlfield><controlfield tag="008">070111s1000------------r-----000-0-eng-d</controlfield><datafield ind1=" " ind2=" " tag="020"><subfield code="a">0805387323</subfield></datafield><datafield ind1=" " ind2=" " tag="040"><subfield code="a">IFIN-HH</subfield></datafield><datafield ind1=" " ind2=" " tag="080"><subfield code="a">(530.12:531.18);(075)</subfield></datafield><datafield ind1="1" ind2=" " tag="100"><subfield code="a">Carroll, Sean</subfield></datafield><datafield ind1="1" ind2="0" tag="245"><subfield code="a">Spacetime and Geometry</subfield><subfield code="b">An Introduction to General Relativity</subfield><subfield code="c">Sean Carroll</subfield></datafield><datafield ind1=" " ind2=" " tag="260"><subfield code="a">San Francisco</subfield><subfield code="b">Addison Wesley</subfield><subfield code="c">2004</subfield></datafield><datafield ind1=" " ind2=" " tag="300"><subfield code="a">513p</subfield></datafield><datafield ind1=" " ind2="4" tag="650"><subfield code="a">Geometry</subfield></datafield><datafield ind1=" " ind2=" " tag="852"><subfield code="c">530.12</subfield></datafield><datafield ind1=" " ind2=" " tag="CAT"><subfield code="a">Sys</subfield><subfield code="c">20110324</subfield><subfield code="h">123901</subfield></datafield></record></collection>